<?xml version="1.0" encoding="UTF-8"?><collection xmlns="http://www.loc.gov/MARC21/slim"><record><leader>00458nam--2200181-u-4500</leader><controlfield tag="001">000052221</controlfield><controlfield tag="002">20161230</controlfield><controlfield tag="005">20161230201050</controlfield><controlfield tag="008">100525s1000------------r-----000-0-RUS-d</controlfield><datafield ind1=" " ind2=" " tag="040"><subfield code="a">IFIN-HH</subfield></datafield><datafield ind1=" " ind2=" " tag="041"><subfield code="a">RUS</subfield></datafield><datafield ind1="1" ind2=" " tag="100"><subfield code="a">Karlin,S</subfield></datafield><datafield ind1="1" ind2="0" tag="245"><subfield code="a">Osnovbi teorii sluciainih protessov</subfield><subfield code="c">S. karlin</subfield></datafield><datafield ind1=" " ind2=" " tag="260"><subfield code="a">Moskva</subfield><subfield code="b">Mir</subfield><subfield code="c">1971</subfield></datafield><datafield ind1=" " ind2=" " tag="300"><subfield code="a">536P</subfield></datafield><datafield ind1=" " ind2=" " tag="500"><subfield code="a">A First Course In Stochastic Processes</subfield></datafield><datafield ind1=" " ind2=" " tag="852"><subfield code="a">36319</subfield><subfield code="c">519.2</subfield></datafield><datafield ind1=" " ind2=" " tag="CAT"><subfield code="a">Sys</subfield><subfield code="c">20100525</subfield><subfield code="h">145051</subfield></datafield></record></collection>